<record><leader>00000cas a22000007a 4500</leader><controlfield tag="001">18501885</controlfield><controlfield tag="008">880919d19191925aruwr ne      0    0eng d</controlfield><datafield ind1=" " ind2=" " tag="010"><subfield code="a">sn 88051085 </subfield></datafield><datafield ind1=" " ind2=" " tag="040"><subfield code="a">ANU</subfield><subfield code="b">eng</subfield><subfield code="c">ANU</subfield><subfield code="d">OCLCQ</subfield></datafield><datafield ind1=" " ind2=" " tag="042"><subfield code="a">msc</subfield></datafield><datafield ind1="0" ind2=" " tag="130"><subfield code="a">Madison County record (Huntsville, Ark. : 1919)</subfield></datafield><datafield ind1="1" ind2="4" tag="245"><subfield code="a">The Madison County record.</subfield></datafield><datafield ind1=" " ind2=" " tag="260"><subfield code="a">Huntsville, Ark. :</subfield><subfield code="b">Alfred Hawn</subfield></datafield><datafield ind1=" " ind2=" " tag="300"><subfield code="a">v.</subfield></datafield><datafield ind1=" " ind2=" " tag="310"><subfield code="a">Weekly</subfield></datafield><datafield ind1="0" ind2=" " tag="362"><subfield code="a">Vol. 33, no. 4 (July 24, 1919)-</subfield></datafield><datafield ind1="1" ind2=" " tag="362"><subfield code="a">Ceased in 1925.</subfield></datafield><datafield ind1=" " ind2=" " tag="515"><subfield code="a">Issues for July 24-&lt;Aug. 14&gt;, 1919 called also v. 32, no. 50-v. 33, no. 1.</subfield></datafield><datafield ind1=" " ind2=" " tag="752"><subfield code="a">United States</subfield><subfield code="b">Arkansas</subfield><subfield code="c">Madison</subfield><subfield code="d">Huntsville.</subfield></datafield><datafield ind1="0" ind2="4" tag="780"><subfield code="t">Madison County Democrat (Huntsville, Ark. : 1885)</subfield><subfield code="w">(DLC)sn 88051084</subfield></datafield><datafield ind1="0" ind2="4" tag="780"><subfield code="t">Huntsville Republican (Huntsville, Ark.)</subfield><subfield code="w">(DLC)sn 88051083</subfield></datafield><datafield ind1="0" ind2="7" tag="785"><subfield code="t">Mountain air (Saint Paul, Ark. : 1899)</subfield><subfield code="w">(DLC)sn 88051089</subfield></datafield><datafield ind1="0" ind2="7" tag="785"><subfield code="t">Madison County record and the mountain air</subfield><subfield code="w">(DLC)sn 88051086</subfield></datafield></record>